<?xml version="1.0" encoding="UTF-8"?><collection xmlns="http://www.loc.gov/MARC21/slim"><record><leader>00417nam--2200133-i-4500</leader><controlfield tag="001">000016156</controlfield><controlfield tag="002">20161230</controlfield><controlfield tag="005">20161230201031</controlfield><controlfield tag="008">060222s1000------------r-----000-0-eng-d</controlfield><datafield ind1=" " ind2=" " tag="080"><subfield code="a">548:535.39(043)</subfield></datafield><datafield ind1=" " ind2=" " tag="100"><subfield code="a">Brunel, Rene</subfield></datafield><datafield ind1=" " ind2=" " tag="245"><subfield code="a">Etude des spectres de reflexion infrarouge de mineraux monocristallins et en poudres calibre es et comprimees.these</subfield></datafield><datafield ind1=" " ind2=" " tag="260"><subfield code="a">Montpellier, Universite, 1970. 171 P</subfield></datafield><datafield ind1=" " ind2=" " tag="852"><subfield code="a">76906</subfield></datafield></record></collection>